<?xml version="1.0" encoding="UTF-8"?><collection xmlns="http://www.loc.gov/MARC21/slim"><record><leader>00376nam--2200133-i-4500</leader><controlfield tag="001">000042345</controlfield><controlfield tag="002">20161230</controlfield><controlfield tag="005">20161230201043</controlfield><controlfield tag="008">060222s1000------------r-----000-0-eng-d</controlfield><datafield ind1=" " ind2=" " tag="080"><subfield code="a">537.87:621.37</subfield></datafield><datafield ind1=" " ind2=" " tag="100"><subfield code="a">Southworth,George C</subfield></datafield><datafield ind1=" " ind2=" " tag="245"><subfield code="a">Principles and applications of waveduide transmission</subfield></datafield><datafield ind1=" " ind2=" " tag="260"><subfield code="a">Princeton,D.Van Nostrfand Comp.Inc.,1950. Xi + 689 P</subfield></datafield><datafield ind1=" " ind2=" " tag="852"><subfield code="a">77167</subfield></datafield></record></collection>